@techreport{hall_effect_sensors,
	author={Paul Emerald},
	year={1998},
	month={May 6,},
	title={Non-Intrusive Hall-Effect Current-Sensing Techniques Provide Safe, Reliable Detection and Protection for Power Electronics &nbsp;},
	institution={Allegro MicroSystems LLC},
	url={http://www.allegromicro.com/en/Design-Center/Technical-Documents/Hall-Effect-Sensor-IC-Publications/Non-Intrusive-Hall-Effect-Current-Sensing-Techniques-for-Power-Electronics.aspx}
}
@techreport{CAN_Guide,
	author={Conal Watterson},
	year={2012},
	month={February,},
	title={Controller Area Network (CAN) Implementation Guide},
	institution={Analog Devices},
	url={http://www.analog.com/media/en/technical-documentation/application-notes/AN-1123.pdf}
}
@misc{Arduino_Breadboard,
	author={David Mellis and Carlyn Maw and Rory Nugent},
	title={Arduino - Setting up an Arduino on a Breadboard},
	volume={2017},
	number={September 18,},
	url={https://www.arduino.cc/en/Main/Standalone}
}
@techreport{Crystal_Guide,
	author={Fredrik Kervel},
	year={2013},
	month={November,},
	title={AN100 - Crystal Selection Guide},
	url={http://www.ti.com/lit/an/swra372c/swra372c.pdf}
}
@techreport{MRA,
	author={Derek Calzada-mariaca and Monica Preston and Yihao Zhou},
	year={2015},
	month={April 26,},
	title={Modular Robotic Arm},
	url={https://web.wpi.edu/Pubs/E-project/Available/E-project-042915-203350/unrestricted/MRA_Final_Report.pdf},
    urldate={September 11, 2017}
}
@misc{RMM,
	title={Reconfigurable Modular Manipulator (RMM)},
	volume={2017},
	number={Sep 11,},
	url={https://traclabs.com/projects/rmm/}
}
@misc{igus,
	title={robolink robot components| igus},
	volume={2017},
	number={September 6,},
	url={www.igus.com/robolink/robot}
}

@misc{RobotWorx,
	title={RobotWorx: Expert Industrial Robot Integrator},
	volume={2017},
	number={September 11,},
	url={www.robots.com/}
}

@article{Current_Sensing,
	author={S. Ziegler and R. C. Woodward and H. H. -C Iu and L. J. Borle},
	year={2009},
	title={Current Sensing Techniques: A Review},
	journal={IEEE Sensors Journal},
	volume={9},
	number={4},
	pages={354-376},
	isbn={1530-437X},
	language={English},
	url={http://ieeexplore.ieee.org/document/4797906},
	doi={10.1109/JSEN.2009.2013914}
}
@misc{Motor_Calculations,
	title={Calculations | Simple Electric Motors},
	volume={2017},
	number={September 17,},
	url={http://simplemotor.com/calculations/}
}
@misc{Robot_Geometry,
	author={R. M. Crowder},
	year={1998},
	month={January},
	title={Robot Geometry},
	volume={2017},
	number={September 9,},
	url={www.southampton.ac.uk/~rmc1/robotics/argeometry.htm}
}
@book{Design_of_Machinery,
	author={Robert L. Norton},
	year={1999},
	title={Design of machinery},
	publisher={McGraw-Hill},
	address={Boston [u.a.]},
	edition={2. ed.},
	isbn={9780079132727}
}
@misc{Euler_Angles,
	title={Understanding Euler Angles | CH Robotics},
	volume={2017},
	number={Sep 14,},
	url={http://www.chrobotics.com/library/understanding-euler-angles}
}
